@inproceedings{BrownPak2019,
  author    = {Chad E. Brown and
               Karol Pak},
  title     = {A Tale of Two Set Theories},
  booktitle = {Intelligent Computer Mathematics - 12th International Conference,
               {CICM} 2019, Prague, Czech Republic, July 8-12, 2019, Proceedings},
  pages     = {44--60},
  year      = {2019},
  crossref  = {DBLP:conf/mkm/2019}
}

@proceedings{DBLP:conf/mkm/2019,
  editor    = {Cezary Kaliszyk and
               Edwin Brady and
               Andrea Kohlhase and
               Claudio Sacerdoti Coen},
  title     = {Intelligent Computer Mathematics - 12th International Conference,
               {CICM} 2019, Prague, Czech Republic, July 8-12, 2019, Proceedings},
  series    = {Lecture Notes in Computer Science},
  volume    = {11617},
  publisher = {Springer},
  year      = {2019},
  url       = {https://doi.org/10.1007/978-3-030-23250-4},
  doi       = {10.1007/978-3-030-23250-4},
  isbn      = {978-3-030-23249-8},
  timestamp = {Wed, 03 Jul 2019 11:11:13 +0200},
  biburl    = {https://dblp.org/rec/bib/conf/mkm/2019},
  bibsource = {dblp computer science bibliography, https://dblp.org}
}
  
@inproceedings{Aczel98,
  author    = {Peter Aczel},
  title     = {On Relating Type Theories and Set Theories},
  booktitle = {TYPES},
  year      = {1998},
  pages     = {1-18},
  ee        = {http://dx.doi.org/10.1007/3-540-48167-2_1},
  crossref  = {DBLP:conf/types/1998},
  bibsource = {DBLP, http://dblp.uni-trier.de}
}

@proceedings{DBLP:conf/types/1998,
  editor    = {Thorsten Altenkirch and
               Wolfgang Naraschewski and
               Bernhard Reus},
  title     = {Types for Proofs and Programs, International Workshop TYPES
               '98, Kloster Irsee, Germany, March 27-31, 1998, Selected
               Papers},
  booktitle = {TYPES},
  publisher = {Springer},
  series    = {Lecture Notes in Computer Science},
  volume    = {1657},
  year      = {1999},
  isbn      = {3-540-66537-4},
  bibsource = {DBLP, http://dblp.uni-trier.de}
}

